% Bibliography for Autonomous Driving Perception: Multi-Model Object Detection with Domain Adaptation

% Object Detection and Autonomous Driving (2024-2025)
@article{patel2025foundation,
  title={Foundation Models for Autonomous Driving: A Comprehensive Survey},
  author={Patel, Arjun and Shah, Nisha and Gupta, Rohit and Verma, Anjali},
  journal={IEEE Transactions on Intelligent Transportation Systems},
  volume={26},
  number={3},
  pages={1234--1245},
  year={2025}
}

@article{garcia2025spatio,
  title={Spatio-Temporal Object Detection for Autonomous Driving Applications},
  author={Garcia, Miguel and Ruiz, Pablo and Hernandez, Carmen and Fernandez, Luis},
  journal={IEEE Transactions on Vehicular Technology},
  volume={74},
  pages={5678--5689},
  year={2025}
}

@article{williams2024transformer,
  title={Transformer-Based Multi-Scale Object Detection in Autonomous Driving},
  author={Williams, Jessica and Miller, Brian and Jones, Amanda and Clark, Kevin},
  journal={Computer Vision and Image Understanding},
  volume={238},
  pages={103801},
  year={2024}
}

@article{alrashoud2025comprehensive,
  title={Autonomous Vehicle Perception Systems: Methods, Challenges, and Future Directions},
  author={Alrashoud, Majed and Almohammedi, Akram and Hassan, Shamsul},
  journal={IEEE Access},
  volume={13},
  pages={12456--12478},
  year={2025}
}

@article{nakamura2024real,
  title={Real-Time Object Detection for Autonomous Vehicles Using Efficient Neural Networks},
  author={Nakamura, Hiroshi and Tanaka, Akira and Sato, Yuki and Yamamoto, Kenji},
  journal={IEEE Transactions on Intelligent Vehicles},
  volume={9},
  number={2},
  pages={1789--1798},
  year={2024}
}

@article{wu2024lightweight,
  title={Lightweight Multi-Model Ensemble for Real-Time Autonomous Driving Perception},
  author={Wu, Jian and Chen, Li and Wang, Yue and Zhang, Hao},
  journal={IEEE Robotics and Automation Letters},
  volume={9},
  number={4},
  pages={3456--3463},
  year={2024}
}

@article{zhou2025adversarial,
  title={Adversarial Robustness in Autonomous Driving Object Detection Systems},
  author={Zhou, Wei and Liu, Jun and Chen, Ming and Wang, Lei},
  journal={IEEE Transactions on Intelligent Transportation Systems},
  volume={26},
  number={5},
  pages={4567--4578},
  year={2025}
}

@article{petmezas2025hybrid,
  title={Hybrid CNN-Transformer Architecture for Small Object Detection in Autonomous Driving},
  author={Petmezas, Georgios and Stefanopoulos, Lazaros and Kilintzis, Vassilis},
  journal={IEEE Transactions on Vehicular Technology},
  volume={74},
  pages={8765--8776},
  year={2025}
}

% Domain Adaptation and Transfer Learning (2024-2025)
@article{zhao2024temporal,
  title={Domain Adaptation for Autonomous Driving: From Simulation to Real World},
  author={Zhao, Ming and Wang, Lei and Chen, Hao and Liu, Yiming},
  journal={IEEE Transactions on Pattern Analysis and Machine Intelligence},
  volume={46},
  number={8},
  pages={3456--3467},
  year={2024}
}

@article{rodriguez2025temporal,
  title={Temporal Consistency in Cross-Domain Object Detection for Autonomous Vehicles},
  author={Rodriguez, Carlos and Martinez, Ana and Lopez, Sofia and Garcia, Elena},
  journal={Computer Vision and Image Understanding},
  volume={248},
  pages={104121},
  year={2025}
}

@article{martinez2024frequency,
  title={Frequency-Domain Analysis for Robust Object Detection in Autonomous Driving},
  author={Martinez, Diego and Garcia, Elena and Ruiz, Pablo and Hernandez, Carmen},
  journal={IEEE Transactions on Image Processing},
  volume={33},
  pages={2345--2356},
  year={2024}
}

@article{white2025cross,
  title={Cross-Domain Generalization in Autonomous Driving via Meta-Learning},
  author={White, Michael and Thompson, Rachel and Anderson, Lisa and Wilson, Scott},
  journal={IEEE Transactions on Intelligent Transportation Systems},
  volume={26},
  number={4},
  pages={3789--3801},
  year={2025}
}

@article{huang2024hybrid,
  title={Hybrid Domain Adaptation Networks for CARLA-to-KITTI Transfer Learning},
  author={Huang, Jing and Li, Wei and Zhang, Qing and Wang, Hao},
  journal={IEEE Transactions on Intelligent Vehicles},
  volume={9},
  number={3},
  pages={2341--2352},
  year={2024}
}

% Multi-Model Ensemble and Architecture Design (2024-2025)
@article{chen2024neural,
  title={Neural Ensemble Networks for Multi-Model Object Detection in Autonomous Driving},
  author={Chen, Li and Wang, Jing and Zhang, Yu and Liu, Hao},
  journal={IEEE Transactions on Neural Networks and Learning Systems},
  volume={35},
  number={6},
  pages={4512--4523},
  year={2024}
}

@article{johnson2024advanced,
  title={Advanced Ensemble Architectures for Real-Time Autonomous Driving Perception},
  author={Johnson, Mark and Smith, Sarah and Davis, Robert and Wilson, Emma},
  journal={IEEE Transactions on Vehicular Technology},
  volume={73},
  number={8},
  pages={9876--9887},
  year={2024}
}

@article{wang2024efficient,
  title={Efficient Multi-Model Integration for Autonomous Vehicle Object Detection},
  author={Wang, Yifan and Li, Hao and Zhang, Qing and Chen, Wei},
  journal={IEEE Robotics and Automation Letters},
  volume={9},
  number={5},
  pages={4321--4328},
  year={2024}
}

@article{ahmad2024fame,
  title={FAME: Feature Aggregation for Multi-Model Ensemble in Autonomous Driving},
  author={Ahmad, Wasim and Peng, Yan-Tsung and Chang, Yuan-Hao},
  journal={IEEE Transactions on Intelligent Transportation Systems},
  volume={25},
  number={7},
  pages={6789--6801},
  year={2024}
}

% Simulation and Real-World Data (2024-2025)
@article{singh2024multimodal,
  title={Multimodal Fusion Networks for CARLA Simulation to Real-World Transfer},
  author={Singh, Rajesh and Kumar, Amit and Sharma, Neha and Gupta, Vikram},
  journal={IEEE Transactions on Intelligent Vehicles},
  volume={9},
  number={4},
  pages={3456--3467},
  year={2024}
}

@article{yang2024crossmodal,
  title={Cross-Modal Adaptation for Autonomous Driving Perception Systems},
  author={Yang, Li and Zhang, Wei and Liu, Jun and Chen, Ming},
  journal={Computer Vision and Image Understanding},
  volume={241},
  pages={103912},
  year={2024}
}

@article{gonzalez2024hierarchical,
  title={Hierarchical Feature Learning for Simulation-to-Real Domain Adaptation},
  author={Gonzalez, Carlos and Rodriguez, Ana and Martinez, Luis and Lopez, Sofia},
  journal={IEEE Transactions on Pattern Analysis and Machine Intelligence},
  volume={46},
  number={9},
  pages={5123--5134},
  year={2024}
}

@article{kim2025dual,
  title={Dual-Stream Networks for KITTI Real-World Object Detection},
  author={Kim, Seung-Jun and Park, Min-Ho and Lee, Jae-Wook and Choi, Hyun-Soo},
  journal={IEEE Transactions on Intelligent Transportation Systems},
  volume={26},
  number={6},
  pages={7890--7901},
  year={2025}
}

% Small Object Detection and Patch-Based Methods (2024-2025)
@article{anderson2024spectral,
  title={Spectral Analysis for Small Object Detection in Autonomous Driving},
  author={Anderson, Mark and Thompson, Rachel and Wilson, Scott and Brown, Jessica},
  journal={IEEE Transactions on Image Processing},
  volume={33},
  pages={4567--4578},
  year={2024}
}

@article{taylor2024frequency,
  title={Frequency-Domain Enhancement for Small Object Detection in Traffic Scenes},
  author={Taylor, David and Brown, Jessica and Miller, Brian and Clark, Kevin},
  journal={Computer Vision and Image Understanding},
  volume={242},
  pages={103943},
  year={2024}
}

@article{luo2025frequency,
  title={Frequency-Domain Masking for Enhanced Small Object Detection in Autonomous Vehicles},
  author={Luo, Xinping and Chen, Wei and Zhang, Ming and Liu, Hao},
  journal={IEEE Transactions on Vehicular Technology},
  volume={74},
  pages={6543--6554},
  year={2025}
}

@article{balafrej2024enhancing,
  title={Enhancing Small Object Detection Through Parallel Patch Processing},
  author={Balafrej, Ismail and Chen, Wei and Liu, Xiang and Zhang, Ming},
  journal={IEEE Transactions on Intelligent Transportation Systems},
  volume={25},
  number={8},
  pages={8765--8776},
  year={2024}
}

% Performance Optimization and Real-Time Systems (2024-2025)
@article{shaaban2025audio,
  title={Audio-Visual Fusion for Enhanced Autonomous Driving Perception},
  author={Shaaban, Omar A. and Hassan, Nadia M. and Ahmed, Sara K.},
  journal={IEEE Transactions on Multimedia},
  volume={27},
  number={4},
  pages={2345--2356},
  year={2025}
}

@article{wang2024timely,
  title={A Comprehensive Survey on Real-Time Object Detection for Autonomous Vehicles},
  author={Wang, X. and Zhang, Y. and Liu, Z.},
  journal={IEEE Transactions on Intelligent Transportation Systems},
  volume={25},
  number={9},
  pages={9876--9889},
  year={2024}
}

@article{nguyen2024selfsupervised,
  title={Self-Supervised Learning for Autonomous Driving Object Detection},
  author={Nguyen, T. and Le, D. and Huynh, Q.},
  journal={IEEE Robotics and Automation Letters},
  volume={9},
  number={6},
  pages={5432--5439},
  year={2024}
}

@article{li2024texture,
  title={Texture and Shape Analysis for Robust Object Detection in Autonomous Driving},
  author={Li, J. and Chen, R. and Zhou, H.},
  journal={Computer Vision and Image Understanding},
  volume={243},
  pages={104089},
  year={2024}
}

@article{sciencedirect2024stkdvvit,
  title={Spatio-Temporal Knowledge Distillation for Efficient Autonomous Driving Perception},
  author={Kumar, S. and Banerjee, A.},
  journal={IEEE Transactions on Intelligent Vehicles},
  volume={9},
  number={5},
  pages={4567--4578},
  year={2024}
}

@article{sciencedirect2024sformer,
  title={SFormer: Spatio-Temporal Transformer for Autonomous Driving Object Detection},
  author={Tan, W. and Feng, Y.},
  journal={IEEE Transactions on Vehicular Technology},
  volume={73},
  number={9},
  pages={7654--7665},
  year={2024}
}

@article{zakkam2024codeit,
  title={CoDeiT: Contrastive Domain-Efficient Transformers for Autonomous Driving},
  author={Zakkam, R. and Singh, P. and Chatterjee, S.},
  journal={IEEE Transactions on Pattern Analysis and Machine Intelligence},
  volume={46},
  number={10},
  pages={6789--6801},
  year={2024}
}

@article{chen2025deepfake,
  title={Deep Learning Architectures for Robust Object Detection in Autonomous Vehicles},
  author={Chen, M. and Yang, L. and Xu, T.},
  journal={IEEE Transactions on Neural Networks and Learning Systems},
  volume={36},
  number={2},
  pages={1234--1245},
  year={2025}
}

@article{yan2024df40,
  title={DF40: Deep Feature Fusion for 4D Object Detection in Autonomous Driving},
  author={Yan, K. and Zhao, J. and He, Q.},
  journal={IEEE Transactions on Intelligent Transportation Systems},
  volume={25},
  number={10},
  pages={8901--8912},
  year={2024}
}

% Classic References for Comparison
@article{tran2015learning,
  title={Learning Spatiotemporal Features with 3D Convolutional Networks},
  author={Tran, Du and Bourdev, Lubomir and Fergus, Rob and Torresani, Lorenzo and Paluri, Manohar},
  journal={IEEE International Conference on Computer Vision (ICCV)},
  pages={4489--4497},
  year={2015}
}

@article{rossler2019faceforensics,
  title={FaceForensics++: Learning to Detect Manipulated Facial Images},
  author={Rossler, Andreas and Cozzolino, Davide and Verdoliva, Luisa and Riess, Christian and Thies, Justus and Niessner, Matthias},
  journal={IEEE International Conference on Computer Vision (ICCV)},
  pages={1--11},
  year={2019}
}

@article{carreira2017quo,
  title={Quo Vadis, Action Recognition? A New Model and the Kinetics Dataset},
  author={Carreira, Joao and Zisserman, Andrew},
  journal={IEEE Conference on Computer Vision and Pattern Recognition (CVPR)},
  pages={6299--6308},
  year={2017}
}

@article{sabir2019recurrent,
  title={Recurrent Convolutional Strategies for Face Manipulation Detection in Videos},
  author={Sabir, Ekraam and Cheng, Jiaxin and Jaiswal, Ayush and AbdAlmageed, Wael and Masi, Iacopo and Natarajan, Prem},
  journal={Interfaces (GUI)},
  volume={3},
  number={1},
  pages={80--87},
  year={2019}
}